@article{Moiseev,
  author  = {Москвин~Д.},
  title   = "{Сечения композиции как инструмент бесточечного стиля}",
  journal = {Журнал <<Практика функционального программирования>>},
  volume  = {4},
  number  = {4},
  year    = {2010},
  issn    = {2075-8456}
}

@article{Kirpichev,
  author  = {Кирпичёв~Е.},
  title   = {Элементы функциональных языков},
  journal = {Журнал <<Практика функционального программирования>>},
  volume  = {3},
  number  = {3},
  year    = {2009},
  issn    = {2075-8456}
}

@article{Bragilevskiy,
  author  = {Брагилевский~В.},
  title   = {Пределы выразительности свёрток},
  journal = {Журнал <<Практика функционального программирования>>},
  volume  = {3},
  number  = {3},
  year    = {2009},
  issn    = {2075-8456}
}

@Article{Backus,
  author =  {Backus, J.},
  title =   "Can Programming be Liberated from the Von Neumann Style?",
  journal = "Communications of the ACM",
  volume =  "21",
  number =  "8",
  pages =   "613--641",
  year =    "1978",
  keywords =    "functional",
}
