@article{Kirpichev,
  author  = {Кирпичёв~Е.},
  title   = {Элементы функциональных языков},
  journal = {Журнал <<Практика функционального программирования>>},
  volume  = {3},
  number  = {3},
  year    = {2009},
  issn    = {2075-8456}
}

@article{Bragilevskiy,
  author  = {Душкин~Р.},
  title   = {Алгебраические типы данных и их использование в программировании},
  journal = {Журнал <<Практика функционального программирования>>},
  volume  = {2},
  number  = {2},
  year    = {2009},
  issn    = {2075-8456}
}
