@MISC{Page99thepagerank,
    author = {Lawrence Page and Sergey Brin and Rajeev Motwani and Terry Winograd},
    title = {The PageRank Citation Ranking: Bringing Order to the Web},
    year = {1999}
}

@MISC{Gibbons95thethird,
    author = {Jeremy Gibbons and Jeremy Gibbons},
    title = {The Third Homomorphism Theorem},
    year = {1995}
}

@INPROCEEDINGS{Dean04mapreduce:simplified,
    author = {Jeffrey Dean and Sanjay Ghemawat and Google Inc},
    title = {MapReduce: simplified data processing on large clusters},
    booktitle = {In OSDI’04: Proceedings of the 6th conference on Symposium on Operating Systems Design and Implementation},
    year = {2004},
    publisher = {USENIX Association}
}

@inproceedings{Bird:1987:ITL:42675.42676,
 author = {Bird, R. S.},
 title = {An introduction to the theory of lists},
 booktitle = {Proceedings of the NATO Advanced Study Institute on Logic of programming and calculi of discrete design},
 year = {1987},
 isbn = {0-387-18003-6},
 location = {Marktoberdorf, Germany},
 pages = {5--42},
 numpages = {38},
 url = {http://dl.acm.org/citation.cfm?id=42675.42676},
 acmid = {42676},
 publisher = {Springer-Verlag New York, Inc.},
 address = {New York, NY, USA},
}

@article{Ralf20081,
title = "Google’s MapReduce programming model — Revisited",
journal = "Science of Computer Programming",
volume = "70",
number = "1",
pages = "1 - 30",
year = "2008",
note = "",
issn = "0167-6423",
doi = "10.1016/j.scico.2007.07.001",
url = "http://www.sciencedirect.com/science/article/pii/S0167642307001281",
author = "Ralf and Lämmel",
keywords = "Data processing",
keywords = "Parallel programming",
keywords = "Distributed programming",
keywords = "Software design",
keywords = "Executable specification",
keywords = "Typed functional programming",
keywords = "MapReduce",
keywords = "Sawzall",
keywords = "Map",
keywords = "Reduce",
keywords = "List homomorphism",
keywords = "Haskell"
}

@article{Morihata:2009:THT:1594834.1480905,
 author = {Morihata, Akimasa and Matsuzaki, Kiminori and Hu, Zhenjiang and Takeichi, Masato},
 title = {The third homomorphism theorem on trees: downward \& upward lead to divide-and-conquer},
 journal = {SIGPLAN Not.},
 issue_date = {January 2009},
 volume = {44},
 issue = {1},
 month = {January},
 year = {2009},
 issn = {0362-1340},
 pages = {177--185},
 numpages = {9},
 url = {http://doi.acm.org/10.1145/1594834.1480905},
 doi = {http://doi.acm.org/10.1145/1594834.1480905},
 acmid = {1480905},
 publisher = {ACM},
 address = {New York, NY, USA},
 keywords = {divide-and-conquer, huet's zippers, polynomial data structures, the third homomorphism theorem},
} 

@MISC{Morita_automaticinversion,
    author = {Kazutaka Morita and Akimasa Morihata and Kiminori Matsuzaki and Zhenjiang Hu and Masato Takeichi},
    title = {Automatic Inversion Generates Divide-and-Conquer Parallel Programs},
    year = {}
}
