@article{Cardelli,
 author = {Cardelli, Luca and Wegner, Peter},
 title = {On understanding types, data abstraction, and polymorphism},
 journal = {ACM Comput. Surv.},
 volume = {17},
 issue = {4},
 month = {December},
 year = {1985},
 issn = {0360-0300},
 pages = {471--523},
 numpages = {53},
 url = {http://doi.acm.org/10.1145/6041.6042},
 doi = {http://doi.acm.org/10.1145/6041.6042},
 acmid = {6042},
 publisher = {ACM},
 address = {New York, NY, USA},
} 

@book{Russell,
  author = {Alfred North Whitehead and Bertrand Russell},
  interhash = {0ba50f74a0c4508ff0c3560bee35307e},
  intrahash = {8bc03526df383296e020ad564895db6d},
  publisher = {Cambridge University Press},
  title = {Principia Mathematica},
  year = {1925--1927},
  timestamp = {2008-05-19T00:56:16.000+0200},
  keywords = {1925 1927 empirism logic mathematica principia russell whitehead},
  added-at = {2008-05-19T00:56:16.000+0200},
  biburl = {http://www.bibsonomy.org/bibtex/28bc03526df383296e020ad564895db6d/vittorio.loreto}
}

@article{Moiseev,
  author  = {Лазин~Е. Моисеев~М. Сорокин~Д.},
  title   = "{Введение в F\#}",
  journal = {Журнал <<Практика функционального программирования>>},
  volume  = {5},
  number  = {5},
  year    = {2010},
  issn    = {2075-8456}
}

@article{Kirpichev,
  author  = {Кирпичёв~Е.},
  title   = {Элементы функциональных языков},
  journal = {Журнал <<Практика функционального программирования>>},
  volume  = {3},
  number  = {3},
  year    = {2009},
  issn    = {2075-8456}
}

